<?xml version="1.0" encoding="UTF-8"?>
<record xmlns="http://www.loc.gov/MARC21/slim" xmlns:xsi="http://www.w3.org/2001/XMLSchema-instance" xsi:schemaLocation="http://www.loc.gov/MARC21/slim http://www.loc.gov/standards/marcxml/schema/MARC21slim.xsd">
<leader>00000cam a22      i 4500</leader>
<controlfield tag="001">002820598</controlfield>
<controlfield tag="003">NNU</controlfield>
<controlfield tag="005">20141224203713.0</controlfield>
<controlfield tag="008">840909s1965    iq            000 0barao</controlfield>
<datafield tag="010" ind1=" " ind2=" ">
<subfield code="a">ne 66001397</subfield>
</datafield>
<datafield tag="035" ind1=" " ind2=" ">
<subfield code="a">(OCoLC)21660399</subfield>
</datafield>
<datafield tag="040" ind1=" " ind2=" ">
<subfield code="a">DLC</subfield>
<subfield code="b">eng</subfield>
<subfield code="c">CUY</subfield>
<subfield code="d">OCLCQ</subfield>
<subfield code="d">OCLCG</subfield>
<subfield code="d">OCLCF</subfield>
<subfield code="d">OCLCQ</subfield>
<subfield code="d">NNU</subfield>
</datafield>
<datafield tag="050" ind1=" " ind2="4">
<subfield code="a">PJ7741.S445</subfield>
<subfield code="b">Z8 1965</subfield>
</datafield>
<datafield tag="100" ind1="1" ind2=" ">
<subfield code="6">880-01</subfield>
<subfield code="a">Marzubānī, Muḥammad ibn ʻImrān,</subfield>
<subfield code="d">909?-994?</subfield>
</datafield>
<datafield tag="245" ind1="1" ind2="0">
<subfield code="6">880-02</subfield>
<subfield code="a">Akhbār al-Sayyid al-Ḥimyarī,</subfield>
<subfield code="c">li-Abī ʻUbayd Allāh Muḥammad ibn ʻImrān al-Marzubānī al-Khurāsānī. Taḥqīq Muḥammad Hādī al-Amīnī.</subfield>
</datafield>
<datafield tag="250" ind1=" " ind2=" ">
<subfield code="6">880-03</subfield>
<subfield code="a">[al-Ṭabʻah 1].</subfield>
</datafield>
<datafield tag="264" ind1=" " ind2="1">
<subfield code="6">880-04</subfield>
<subfield code="a">[al-Najaf] :</subfield>
<subfield code="b">Dār al-Bāqir,</subfield>
<subfield code="c">[1965]</subfield>
</datafield>
<datafield tag="300" ind1=" " ind2=" ">
<subfield code="a">71 pages ;</subfield>
<subfield code="c">22 cm</subfield>
</datafield>
<datafield tag="336" ind1=" " ind2=" ">
<subfield code="a">text</subfield>
<subfield code="b">txt</subfield>
<subfield code="2">rdacontent</subfield>
</datafield>
<datafield tag="337" ind1=" " ind2=" ">
<subfield code="a">unmediated</subfield>
<subfield code="b">n</subfield>
<subfield code="2">rdamedia</subfield>
</datafield>
<datafield tag="338" ind1=" " ind2=" ">
<subfield code="a">volume</subfield>
<subfield code="b">nc</subfield>
<subfield code="2">rdacarrier</subfield>
</datafield>
<datafield tag="490" ind1="1" ind2=" ">
<subfield code="6">880-05</subfield>
<subfield code="a">His Rasāʹil al-Marzubānī ;</subfield>
<subfield code="v">1</subfield>
</datafield>
<datafield tag="600" ind1="1" ind2="0">
<subfield code="a">Sayyid al-Ḥimyarī, Ismāʻil ibn Muḥammad,</subfield>
<subfield code="d">723-789.</subfield>
</datafield>
<datafield tag="600" ind1="1" ind2="7">
<subfield code="a">Sayyid al-Ḥimyarī, Ismāʻil ibn Muḥammad,</subfield>
<subfield code="d">723-789</subfield>
<subfield code="2">fast</subfield>
<subfield code="0">(OCoLC)fst00347430</subfield>
</datafield>
<datafield tag="700" ind1="1" ind2=" ">
<subfield code="6">880-06</subfield>
<subfield code="a">Amīnī, Muḥammad Hādī.</subfield>
</datafield>
<datafield tag="776" ind1="0" ind2="8">
<subfield code="i">Online version:</subfield>
<subfield code="a">Marzubānī, Muḥammad ibn ʻImrān, 909?-994?</subfield>
<subfield code="t">Akhbār al-Sayyid al-Ḥimyarī.</subfield>
<subfield code="b">[al-Ṭabʻah 1].</subfield>
<subfield code="d">[al-Najaf] Dār al-Bāqir [1965]</subfield>
<subfield code="w">(OCoLC)648633667</subfield>
</datafield>
<datafield tag="880" ind1="1" ind2=" ">
<subfield code="6">100-01/</subfield>
<subfield code="a">مرزباني، محمد بن عمران،</subfield>
<subfield code="d">909?-994?</subfield>
</datafield>
<datafield tag="880" ind1="1" ind2="0">
<subfield code="6">245-02/</subfield>
<subfield code="a">أخبار السيد الحميري /</subfield>
<subfield code="c">لأبي عبيد الله محمد بن عمران المرزباني الخراساني ؛ تحقيق محمد هادي الأميني.</subfield>
</datafield>
<datafield tag="880" ind1=" " ind2=" ">
<subfield code="6">250-03/</subfield>
<subfield code="a">الطبعة ١.</subfield>
</datafield>
<datafield tag="880" ind1=" " ind2="1">
<subfield code="6">264-04/</subfield>
<subfield code="a">النجف :</subfield>
<subfield code="b">دار الباقر،</subfield>
<subfield code="c">[1965]</subfield>
</datafield>
<datafield tag="880" ind1="1" ind2=" ">
<subfield code="6">490-05/</subfield>
<subfield code="a">رسائل المرزباني ؛</subfield>
<subfield code="v">١</subfield>
</datafield>
<datafield tag="880" ind1="1" ind2=" ">
<subfield code="6">700-06/</subfield>
<subfield code="a">أميني، محمد هادي.</subfield>
</datafield>
<datafield tag="800" ind1="1" ind2=" ">
<subfield code="6">880-07</subfield>
<subfield code="a">Marzubānī, Muḥammad ibn ʻImrān,</subfield>
<subfield code="d">909?-994?</subfield>
<subfield code="t">Rasāʹil al-Marzubānī ;</subfield>
<subfield code="v">1.</subfield>
</datafield>
<datafield tag="880" ind1="1" ind2=" ">
<subfield code="6">800-07/</subfield>
<subfield code="a">مرزباني، محمد بن عامران،</subfield>
<subfield code="d">909?-994?</subfield>
<subfield code="t">رسال المرزباني ؛</subfield>
<subfield code="v">1.</subfield>
</datafield>
<datafield tag="OWN" ind1=" " ind2=" ">
<subfield code="a">GENERAL</subfield>
</datafield>
<datafield tag="AVA" ind1=" " ind2=" ">
<subfield code="a">NYU50</subfield>
<subfield code="b">BOBST</subfield>
<subfield code="c">Main Collection</subfield>
<subfield code="d">PJ7741.S35 Z6</subfield>
<subfield code="e">unavailable</subfield>
<subfield code="t">Unavailable</subfield>
<subfield code="f">1</subfield>
<subfield code="g">1</subfield>
<subfield code="h">N</subfield>
<subfield code="i">0</subfield>
<subfield code="j">MAIN</subfield>
<subfield code="k">0</subfield>
</datafield>
</record>
